<record><leader>00000cas a22000007a 4500</leader><controlfield tag="001">19335117</controlfield><controlfield tag="008">890309d18931907paudn ne      0    0eng d</controlfield><datafield ind1=" " ind2=" " tag="010"><subfield code="a">sn 89077085 </subfield></datafield><datafield ind1=" " ind2=" " tag="040"><subfield code="a">NPH</subfield><subfield code="b">eng</subfield><subfield code="c">NPH</subfield><subfield code="d">OCLCQ</subfield></datafield><datafield ind1=" " ind2=" " tag="042"><subfield code="a">msc</subfield></datafield><datafield ind1="0" ind2=" " tag="130"><subfield code="a">Evening herald (Braddock, Pa.)</subfield></datafield><datafield ind1="1" ind2="4" tag="245"><subfield code="a">The evening herald.</subfield></datafield><datafield ind1="1" ind2="7" tag="246"><subfield code="a">Braddock evening herald</subfield></datafield><datafield ind1="3" ind2="0" tag="246"><subfield code="a">Braddock herald</subfield></datafield><datafield ind1=" " ind2=" " tag="260"><subfield code="a">Braddock, Pa. :</subfield><subfield code="b">Braddock Pub. Co.</subfield></datafield><datafield ind1=" " ind2=" " tag="300"><subfield code="a">v. ;</subfield><subfield code="c">53 cm.</subfield></datafield><datafield ind1=" " ind2=" " tag="310"><subfield code="a">Daily (except Sun.)</subfield></datafield><datafield ind1="1" ind2=" " tag="362"><subfield code="a">Began in 1893; ceased in 1907.</subfield></datafield><datafield ind1=" " ind2=" " tag="500"><subfield code="a">Paper of Braddock, North Braddock, Rankin and Swissvale.</subfield></datafield><datafield ind1=" " ind2=" " tag="500"><subfield code="a">Published as: Braddock herald, Nov. 14, 1905.</subfield></datafield><datafield ind1=" " ind2=" " tag="588"><subfield code="a">Description based on: Vol. 8, no. 2 (Feb. 1, 1900).</subfield></datafield><datafield ind1=" " ind2=" " tag="752"><subfield code="a">United States</subfield><subfield code="b">Pennsylvania</subfield><subfield code="c">Allehgeny</subfield><subfield code="d">Braddock.</subfield></datafield><datafield ind1="0" ind2="7" tag="785"><subfield code="t">Braddock daily news</subfield><subfield code="w">(DLC)sn 89077087</subfield></datafield><datafield ind1="0" ind2="7" tag="785"><subfield code="t">Daily news-herald (Braddock, Pa.)</subfield><subfield code="w">(DLC)sn 85054874</subfield></datafield></record>